@misc{golTM,
	title = {This is a Fully Universal Turing Machine (UTM) implemented in Conway's Game of Life.},
    howpublished = {\url{http://www.rendell-attic.org/gol/fullutm/index.htm}},
    note = {Page accessed: 2018-09-13}
}

@misc{wwTM,
title = {The Wireworld Computer},
howpublished = {\url{https://quinapalus.com/wi-index.html}},
note = {Page accessed: 2018-09-17}
}

@article{110TM,
author = {Cook, Matthew},
title = {Universality in Elementary Cellular Automata},
date = {2004},
journal = {Complex Systems}
}

@article{Waksman,
    author = {Waksman, Abraham},
    title = {An Optimum Solution to the Firing-Squad Synchronization Problem},
    date = {1966},
    pages = {66-78},
    journal = {Information and Control},
    volume = {9}
}

@article{Mazoyer,
    author = {Mazoyer, Jacques},
    title = {A six-state minimal time solution to the firing squad
        synchronization problem},
    date = {1987},
    pages = {183-238},
    journal = {Theoretical Computer Science}
}