John E. Hopcroft, Rajeev Motwani, Jeffrey D. Ullman, 'Introduction to Automata
Theory, Languages, and Computation', 3rd Edition, Prentice Hall, 2006

Hiroshi Umeo, Kinuo Nishide, Keisuke Kubo, 'A Simple Optimum-Time FSSP Algorithm
for Multi-Dimensional Cellular Automata', journal ref: EPTCS 90, 2012, pp.
151-165 (arXiv:1208.2761)

J. Gruska, S. La Torre, M. Napoli, M. Parente, 'Various Solutions to the Firing
Squad Synchronization Problems', 2005 (arXiv:cs/0511044)

Danny Dolev, Ezra N. Hoch, Yoram Moses, 'An Optimal Self-Stabilizing Firing
Squad', 2009 (arXiv:0908.2295)

Nazim Fatès, Irène Marcovici, Siamak Taati, 'Two-dimensional traffic rules and
the density classification problem', 2016 (arXiv:1604.04402)

Henryk Fuks, 'Solution of the Density Classification Problem with Two Cellular
Automata Rules', journal ref: Phys. Rev. E 55, 2081R (1997)
(arXiv:comp-gas/9703001)

@article{WolframFractal,
    author  = {Stephen Wolfram},
    title   = {Cellular Automata},
    year    = {1983},
    journal = {Wolfram on Cellular Automata and Complexity},

    volume  = {14},
    number  = {3},
    pages   = {412}
}

@misc{Hausdorff,
    author = {Clayton, Keith},
    title = {Basic Concepts in Nonlinear Dynamics and Chaos: Fractals and the
        Fractal Dimension},
    year = {1996},
    howpublished =
    {\url{https://www.vanderbilt.edu/AnS/psychology/cogsci/chaos/workshop/Workshop.html#Fractals}},
    note = {From Society for Chaos Theory in Psychology and the Life Sciences
        annual meeting. Page accessed: 2018-08-03}
}

@inbook{WolframRule110,
    author = {Wolfram, Stephen},
    title = {A New Kind of Science},
    publisher = {Wolfram Media},
    year = {2002},
    pages = {676},
}

@misc{elementary,
    title = {Elementary cellular automaton},
    howpublished =
    {\url{https://en.wikipedia.org/wiki/Elementary_cellular_automaton}},
    note = {Page accessed: 2018-08-19}
}

@article{neighbourhoods,
    author = {Kier, Lemont B. and Seybold, Paul G. and Cheng, Chao-Kun},
    title = {Modeling Chemical Systems using Cellular Automata},
    date = {2005},
    pages = {15},
    publisher = {Springer}
}

@article{CulikYuMembership,
    author = {Culik II, Karel and Yu, Shuangni},
    title = {Undecidability of CA Classification Schemes},
    year = {1988},
    month = {01},
    pages = {177-190},
    journal = {Complex Systems},
    volume = {2}
}


@book{num_rules,
    author = {Bialynicki-Birula, Iwo and Bialynicka-Birula, Iwona},
    title = {Modeling Reality: How Computers Mirror Life},
    date = {2004},
    pages = {9},
    publisher = {Oxford University Press}
}

Neumann:1966:TSA:1102024
@book{VonNeumannCA,
    author = {von Neumann, John},
    editor = {Burks, Arthur W.},
    title = {Theory of Self-Reproducing Automata},
    year = {1966},
    publisher = {University of Illinois Press},
    address = {Champaign, IL, USA}
}

@misc{GameOfLife,
    title = {Game of Life: A Brief History},
    howpublished = {\url{https://web.stanford.edu/~cdebs/GameOfLife/#history}},
    note = {Page accessed: 2018-08-20}
}

@misc{infiniteGrowth,
    title = {Eric Weisstein's Treasure Trove of Life: Infinite Growth},
    howpublished =
    {\url{http://www.ericweisstein.com/encyclopedias/life/InfiniteGrowth.html}},
    note = {Page accessed: 22-08-2018}
}

@article{GardenOfEden,
    author = {Schiff, Joel L.},
    title = {Cellular Automata: A Discrete View of the World},
    date = {2011},
    pages = {40},
    publisher = {Wiley \& Sons, Inc.},
    isbn = {9781118030639}
}

@misc{LifeLike,
    title = {Life-like cellular automaton},
    howpublished =
    {\url{https://en.wikipedia.org/wiki/Life-like_cellular_automaton}},
    note = {Page accessed: 2018-08-23}
}

@article{oneDReversible,
    author = {Sutner, Klaus},
    title = {De Bruijn Graphs and Linear Cellular Automata},
    date = {1991},
    pages = {19-30},
    journal = {Complex Systems},
    volume = {5}
}

@article{twoDUndecidable,
     author = {Kari, Jarkko},
     title = {Reversibility of 2D cellular automata is undecidable},
     date = {1990}, 
     pages = {379-385},
     journal = {Physica},
     volume = {45}
}


@inbook{totalistic,
    author = {Wolfram, Stephen},
    title = {A New Kind of Science},
    publisher = {Wolfram Media},
    year = {2002},
    pages = {60},
}

@inbook{SipserToC,
    author = {Sipser, Michael},
    title = {Introduction to the Theory of Computation},
    chapter = {3: The Church-Turing Thesis},
    pages = {139},
    publisher = {Course Technology, Cengage Learning},
    year = {2006},
    edition = {2}
}

@inbook{Recognisable,
    author = {Sipser, Michael},
    title = {Introduction to the Theory of Computation},
    chapter = {3: The Church-Turing Thesis},
    pages = {144},
    publisher = {Course Technology, Cengage Learning},
    year = {2006},
    edition = {2}
}

@inbook{Computable,
    author = {Sipser, Michael},
    title = {Introduction to the Theory of Computation},
    chapter = {5: Reducibility},
    pages = {210},
    publisher = {Course Technology, Cengage Learning},
    year = {2006},
    edition = {2}
}

@misc{Knightship,
    title = {Elementary Knightship},
    howpublished = {\url{http://www.conwaylife.com/forums/viewtopic.php?f=2&t=3303}},
    note = {Page accessed: 2018-09-12}
}

@misc{fortyeight,
    title = {Conway's Game of Life},
    howpublished = {\url{https://en.wikipedia.org/wiki/Conway%27s_Game_of_Life#Notable_programs}},
    note = {Page accessed: 2018-09-12}
}

@inbook{BoolTM,
    author = {Jean-Claude Heudlin},
    title = {L'\'Evolution au bord du chaos},
    pages = {122},
    publisher = {Herm\`es, Paris},
    year = {1998}
}

@misc{golTM,
    title = {http://www.rendell-attic.org/gol/tm.htm},
    howpublished = {\url{This is a Turing Machine implemented in Conway's Game
        of Life.}},
    note = {Page accessed: 2018-09-13}
}

@misc{golUTM1,
    title = {This is a Universal Turing Machine (UTM) implemented in Conway's Game of Life.},
    howpublished = {\url{http://www.rendell-attic.org/gol/utm/index.htm}},
    note = {Page accessed: 2018-09-13}
}

@misc{golUTM2,
    title = {This is a Fully Universal Turing Machine (UTM) implemented in Conway's Game of Life},
    howpublished = {\url{http://www.rendell-attic.org/gol/fullutm/index.htm}},
    note = {Page accessed: 2018-09-13}
}

@misc{WW_TM,
    title = {The WireWorld Computer},
    howpublished = {\url{https://www.quinapalus.com/wi-index.html}},
    note = {Page accessed: 2018-09-17}
}

@misc{WW_LA,
    title = {The Ed Pegg Jr's Langton's Ant Binary Counter},
    howpublished = {\url{https://web.archive.org/web/20110205092221/http://www.heise.ws:80/edpeggjrcounter.html}},
    note = {Page accessed: 2018-09-17}
}

@article{Rule110_universal,
    author = {Cook, Matthew},
    title = {Universality in Elementary Cellular Automata},
    date = {2004},
    journal = {Complex Systems}
}

@misc{CA_origins,
    title = {The Origins of Cellular Automata},
    howpublished = {\url{http://psoup.math.wisc.edu/491/CAorigins.htm}},
    note = {Page accessed: 2018-09-17}
}

@misc{VN_rules,
    title = {Von Neumann Cellular Automaton},
    howpublished = {\url{https://en.wikipedia.org/wiki/Von_Neumann_cellular_automaton}},
    note = {Page accessed: 2018-09-18}
}

@article{Waksman,
    author = {Waksman, Abraham},
    title = {An Optimum Solution to the Firing-Squad Synchronization Problem},
    date = {1966},
    pages = {66-78},
    journal = {Information and Control},
    volume = {9}
}

@article{FSSP_best,
    author = {Mazoyer, Jacques},
    title = {A six-state minimal time solution to the firing squad
        synchronization problem},
    date = {1987},
    pages = {183-238},
    journal = {Theoretical Computer Science}
}

@article{GKL_majority,
    author = {G\'acs, P\'eter and Kurdyumov, G. L. and Levin, L. A.},
    title = {One dimensional uniform arrays that wash out finite islands},
    date = {1978},
    pages = {92-98},
    journal = {Problemy Peredachi Informatsii}
}

@article{CST_majority,
    author = {Capcarrere, Mathieu and Sipper, Moshe and Tomassini, Marco},
    title = {Two-state, r = 1 cellular automaton that classifies density},
    date = {1996},
    pages = {4969–4971},
    journal = {Physical Review Letters 77}
}

@article{LB_majority,
    author = {Land, Mark and Belew, Richard},
    title = {No perfect two-state cellular automata for density classification
        exists},
    date = {1995},
    pages = {1548-1550},
    journal = {Physical Review Letters 74}
}
